
@online{AlainChartierQuadrilogue2021,
  title = {Alain {{Chartier}}, {{Quadrilogue}} Invectif},
  date = {2021-11-09},
  url = {http://catalog.bfm-corpus.org/quadrilogue},
  urldate = {2021-11-09},
  organization = {{Base de Français Médiéval}}
}

@software{campsSegmOntoGuidelines2021,
  title = {{{SegmOnto Guidelines}}},
  author = {Camps, Jean-Baptiste},
  date = {2021-12-10T19:05:05Z},
  origdate = {2021-01-06T09:58:47Z},
  url = {https://github.com/SegmOnto/Guidelines},
  urldate = {2022-01-07},
  organization = {{SegmOnto}}
}

@online{CanterburyTalesProject,
  title = {The {{Canterbury Tales Project}}: Resources, Articles, Links},
  url = {http://canterburytalesproject.com/CTPresources.html},
  urldate = {2022-01-08}
}

@online{CREMMADIMMAP2021,
  title = {{{CREMMA}} – {{DIM MAP}}},
  date = {2021-11-09},
  url = {https://www.dim-map.fr/projets-soutenus/cremma/},
  urldate = {2021-11-09}
}

@thesis{dugazEditionCritiqueNumerique2021,
  type = {projet de recherche post-doctorale},
  title = {Édition Critique Numérique de La Première {{{\emph{Énéide}}}} Française~: à La Gloire de {{Louis XII}} et de La {\emph{Translatio Studii}}},
  author = {Dugaz, Lucien},
  date = {2021},
  institution = {{Labex Hastec-Centre Jean-Mabillon}},
  location = {{Paris}},
  url = {https://labexhastec.ephe.psl.eu/wp-content/uploads/hastec-projet-de-recherche-lucien-dugaz-2021-2022.pdf},
  urldate = {2022-01-13}
}

@book{ecolenationaledeschartesConseilsPourEdition2001a,
  title = {Conseils pour l'édition des textes médiévaux\emph{, 3 fasc.}},
  author = {{École nationale des chartes}},
  date = {2001/2002},
  series = {Orientations et méthodes},
  publisher = {{CTHS-ENC}},
  location = {{Paris}},
  langid = {french}
}

@online{EcrituresGothiquesLivresques2022,
  title = {Les Écritures Gothiques Livresques : Classification de {{Lieftinck-Gumbert-Derolez}}},
  date = {2022-01-07},
  url = {https://ephepaleographie.wordpress.com/qu%e2%80%99est-ce-que-la-paleographie/les-ecritures-gothiques-livresques-classification-de-lieftinck-gumbert-derolez/},
  urldate = {2022-01-07},
  organization = {{Paléographie médiévale}}
}

@online{institutderechercheetdhistoiredestextesGuillebertMets,
  title = {Guillebert de Mets},
  author = {romane Institut de Recherche et d'Histoire des Textes, Section},
  publisher = {{Institut de recherche et d'Histoire des Textes}},
  url = {https://jonas.irht.cnrs.fr/consulter/intervenant/detail_intervenant.php?intervenant=2908},
  urldate = {2022-01-08},
  langid = {french},
  organization = {{JONAS, Répertoire des textes et des manuscrits médiévaux d'oc et d'oïl}}
}

@online{institutderechercheetdhistoiredestextesNoticePARISBibliotheque2012a,
  title = {Notice de PARIS, Bibliothèque de l'Arsenal, 5070},
  author = {romane Institut de Recherche et d'Histoire des Textes, Section},
  date = {2012-09-19},
  publisher = {{Institut de recherche et d'Histoire des Textes}},
  url = {https://jonas.irht.cnrs.fr/manuscrit/43038},
  urldate = {2022-01-07},
  langid = {french},
  organization = {{JONAS, Répertoire des textes et des manuscrits médiévaux d'oc et d'oïl}}
}

@online{ManuelEncodageBFMManuscrits2021,
  title = {Manuel d'encodage {{BFM-Manuscrits}}},
  date = {2021-11-09},
  url = {http://bfm.ens-lyon.fr/spip.php?article282},
  urldate = {2021-11-09},
  organization = {{Base de Français Médiéval}}
}

@online{MedievalRenaissanceManuscripts,
  title = {Medieval \& {{Renaissance Manuscripts Collection}}: {{Ms}}. {{Codex}} 909 - {{Virgil}} - [{{Le}} Livre Des {{Eneydes}}]},
  url = {http://dla.library.upenn.edu/dla/medren/pageturn.html?id=MEDREN_9940098043503681},
  urldate = {2022-01-13},
  organization = {{Penn in Hand: Selected Manuscripts}}
}

@online{Ms5070BoccaceDecameron2022,
  title = {Ms-5070. {{Boccace}}. {{Decameron}}, Traduit Par {{Laurent}} de {{Premierfait}}. 1414},
  date = {2022-01-07},
  url = {https://archivesetmanuscrits.bnf.fr/ark:/12148/cc87590n},
  urldate = {2022-01-07},
  abstract = {« Le livre appellé Decameron, autrement le prince Galeot surnommé, qui contient cent nouvelles racomptées en dix jours par sept femmes et trois jouvenceaulx, lequel livre ja pieça compila et escripvi Jehan Boccace de Celtald en langaige florentin, et qui nagueres a esté translaté premierement en latin et secondement en françois, a Paris, a l'ostel de noble, sage et honneste homme Bureau de Dampmartin, citoien de Paris, escuier conseillier de trés puissant et trés noble prince Charles, VIe de son nom, roy de France, par moy Laurent de Premierfait, famillier dudit Bureau, lesqueles deux translations, par trois ans faites, furent accomplies le quinziesme jour de juing l'an mil quatre cens et XIIII »}
}

@software{pincheCREMMAMedievalOld2021,
  title = {{{CREMMA Medieval}}, an {{Old French}} Dataset for {{HTR}} and Segmentation},
  author = {Pinche, Ariane},
  date = {2021-08},
  doi = {10.5281/zenodo.5235186},
  url = {https://github.com/HTR-United/cremma-medieval},
  urldate = {2022-01-07},
  abstract = {Transcription corpora for training HTR models for medieval manuscripts from the 12th to the 14th century.},
  version = {1.0.1 Bicerin (DOI)}
}

@online{PortailBaseFrancais2021,
  title = {Portail de La {{Base}} de {{Français Médiéval}} ({{BFM}})},
  date = {2021-11-09},
  url = {http://txm.ish-lyon.cnrs.fr/bfm/},
  urldate = {2021-11-09}
}

@online{robinsonCantAppChaucerCanterbury2014a,
  title = {The {{CantApp}}: {{Chaucer}}'s {{Canterbury Tales}} on Mobile Phone and Tablet},
  shorttitle = {The {{CantApp}}},
  author = {Robinson, Peter and Bordalejo, Barbara and North, Richard},
  date = {2014-07-18},
  doi = {10.5281/zenodo.3903681},
  url = {https://zenodo.org/record/3903681},
  urldate = {2021-11-09},
  abstract = {Various publishers have proved that classic texts may be given new life within the app environment. Chaucer and the Canterbury Tales present a different challenge. This session will explain and introduce how we try to meet this challenge with the CantApp: a new way of presenting Chaucer's Canterbury Tales, beginning with the General Prologue}
}

@incollection{stuzmannPaleographieStatistiquePour2011,
  title = {Paléographie statistique pour décrire, identifier, dater. . . Normaliser pour coopérer et aller plus loin ?},
  author = {Stuzmann, Dominique},
  editor = {Fischer, Franz and Fritze, Christiane and Vogeler, Georg},
  date = {2011},
  volume = {3},
  pages = {247--277},
  publisher = {{Books on Demand (BoD)}},
  location = {{Norderstedt}},
  url = {http://www.uni-koeln.de/},
  urldate = {2022-01-08},
  abstract = {Les initiatives TEI (Text Encoding Initiative) et MUFI (Medieval Unicode Font Initiative) multiplient les potentialités des transcriptions et invitent à interroger le processus même d’une opération pourtant commune dans les études médiévales. Transcrire, c’est décrire un texte et sa mise en forme graphique. Cela ouvre des voies aux études paléographiques, notamment par la description des diverses variantes morphologiques des lettres ou abréviations. Des recherches entreprises sur la production écrite de l’abbaye cistercienne de Fontenay démontrent le potentiel considérable des transcriptions dites « allographétiques » et des statistiques descriptives pour comprendre les évolutions de l’écriture médiévale. La fragmentation du paysage actuel de la recherche amène pourtant à souhaiter une harmonisation des pratiques, tant pour décrire les phénomènes paléographiques que pour structurer les données et formuler des ontologies.},
  isbn = {978-3-8423-5032-8},
  langid = {german}
}

@online{TEICanterburyTales,
  title = {{{TEI}}: {{Canterbury Tales}} ({{Robinson}})},
  url = {https://tei-c.org/Vault/ETE/Preview/robinson.html},
  urldate = {2022-01-08}
}


